<collection xmlns="http://www.loc.gov/MARC21/slim">
<record>
  <leader>01410nam0a2200289 i 450 </leader>
  <controlfield tag="001">IT\ICCU\CNCE\014866</controlfield>
  <controlfield tag="005">19970101000000.0</controlfield>
  <datafield tag="012" ind1=" " ind2=" ">
    <subfield code="a">teto seua uata SoIo (C) 1555 (Q)</subfield>
    <subfield code="2">fei</subfield>
  </datafield>
  <datafield tag="100" ind1=" " ind2=" ">
    <subfield code="a">19970101f1555        0itac0103    ba</subfield>
  </datafield>
  <datafield tag="101" ind1=" " ind2=" ">
    <subfield code="a">ITA</subfield>
  </datafield>
  <datafield tag="102" ind1=" " ind2=" ">
    <subfield code="a">IT</subfield>
  </datafield>
  <datafield tag="200" ind1="1" ind2=" ">
    <subfield code="a">Comedia dilettosa raccolta nel Vecchio Testamento, nuouamente ristampata, nella quale si ragiona de Iacob, &amp; de Ioseph. Composta per ... Pandolpho Collenutio</subfield>
  </datafield>
  <datafield tag="210" ind1=" " ind2=" ">
    <subfield code="a">In Venetia</subfield>
    <subfield code="c">per Matthio Pagan</subfield>
    <subfield code="d">\1555?!</subfield>
  </datafield>
  <datafield tag="215" ind1=" " ind2=" ">
    <subfield code="a">\74! c.</subfield>
    <subfield code="c">ill.</subfield>
    <subfield code="d">8ʻ</subfield>
  </datafield>
  <datafield tag="620" ind1=" " ind2=" ">
    <subfield code="a">IT</subfield>
    <subfield code="d">Venezia</subfield>
  </datafield>
  <datafield tag="700" ind1=" " ind2="1">
    <subfield code="a">Collenuccio,</subfield>
    <subfield code="b">Pandolfo</subfield>
    <subfield code="3">IT\ICCU\CNCA\003388</subfield>
  </datafield>
  <datafield tag="712" ind1="0" ind2="0">
    <subfield code="a">Pagano, Matteo</subfield>
    <subfield code="3">IT\ICCU\CNCT\000430</subfield>
    <subfield code="4">650</subfield>
  </datafield>
  <datafield tag="790" ind1=" " ind2="1">
    <subfield code="a">Coldonese,</subfield>
    <subfield code="b">Pandolfo</subfield>
    <subfield code="3">IT\ICCU\CNCA\008267</subfield>
    <subfield code="z">Collenuccio, Pandolfo</subfield>
  </datafield>
  <datafield tag="790" ind1=" " ind2="1">
    <subfield code="a">Collenuccius,</subfield>
    <subfield code="b">Pandulphus : Pisaurensis</subfield>
    <subfield code="3">IT\ICCU\CNCA\013250</subfield>
    <subfield code="z">Collenuccio, Pandolfo</subfield>
  </datafield>
  <datafield tag="790" ind1=" " ind2="1">
    <subfield code="a">Collenutius,</subfield>
    <subfield code="b">Pandolphus</subfield>
    <subfield code="3">IT\ICCU\CNCA\013251</subfield>
    <subfield code="z">Collenuccio, Pandolfo</subfield>
  </datafield>
  <datafield tag="790" ind1=" " ind2="0">
    <subfield code="a">Pandolfo</subfield>
    <subfield code="c"> : da#Pesaro</subfield>
    <subfield code="3">IT\ICCU\CNCA\013252</subfield>
    <subfield code="z">Collenuccio, Pandolfo</subfield>
  </datafield>
  <datafield tag="790" ind1=" " ind2="1">
    <subfield code="a">Collenucius,</subfield>
    <subfield code="b">Pandulphus</subfield>
    <subfield code="3">IT\ICCU\CNCA\013253</subfield>
    <subfield code="z">Collenuccio, Pandolfo</subfield>
  </datafield>
  <datafield tag="791" ind1="0" ind2="2">
    <subfield code="a">℗al segno della ℗Fede</subfield>
    <subfield code="c"> &lt;1542-1562&gt;</subfield>
    <subfield code="3">IT\ICCU\CNCT\002837</subfield>
    <subfield code="z">Pagano, Matteo</subfield>
  </datafield>
  <datafield tag="791" ind1="0" ind2="0">
    <subfield code="a">Pagan, Matthio</subfield>
    <subfield code="3">IT\ICCU\CNCT\005257</subfield>
    <subfield code="z">Pagano, Matteo</subfield>
  </datafield>
  <datafield tag="791" ind1="0" ind2="0">
    <subfield code="a">Paganus, Matheus</subfield>
    <subfield code="3">IT\ICCU\CNCT\005258</subfield>
    <subfield code="z">Pagano, Matteo</subfield>
  </datafield>
  <datafield tag="801" ind1=" " ind2="3">
    <subfield code="a">IT</subfield>
    <subfield code="b">ICCU</subfield>
    <subfield code="c">20201114</subfield>
  </datafield>
  <datafield tag="899" ind1=" " ind2=" ">
    <subfield code="a">Biblioteca nazionale Marciana. Venezia</subfield>
    <subfield code="1">VE0049</subfield>
    <subfield code="2">VEA BM</subfield>
  </datafield>
</record>
</collection>
